%Coda 1
@article{Kynclova:2015,
author = {Kynčlová, Petra and Filzmoser, Peter and Hron, Karel},
title = {Modeling compositional time series with vector autoregressive models},
journal = {Journal of Forecasting},
volume = {34},
number = {4},
pages = {303-314},
keywords = {VAR model, compositional data, isometric log-ratio transformation, Granger causality},
doi = {https://doi.org/10.1002/for.2336},
year = {2015}
}
%url = {https://onlinelibrary.wiley.com/doi/abs/10.1002/for.2336},
%eprint = {https://onlinelibrary.wiley.com/doi/pdf/10.1002/for.2336}
%}

%ZINAR
@InProceedings{Garay:2022,
author="Garay, Aldo M.
and Medina, Francyelle L.
and Jales C. S., Isaac
and Bertail, Patrice",
editor="Chaari, Fakher
and Leskow, Jacek
and Wylomanska, Agnieszka
and Zimroz, Radoslaw
and Napolitano, Antonio",
title="First-Order Integer Valued AR Processes with Zero-Inflated Innovations",
booktitle="Nonstationary Systems: Theory and Applications",
year="2022",
publisher="Springer International Publishing",
address="Cham",
pages="19--40",
isbn="978-3-030-82110-4"
}

@misc{Nau:14,
  author        = {Nau, Robert},
  title         = {Notes on the random walk model},
  month         = apr,
  year          = {2014},
  publisher={Fuqua School of Business, Duke University}
}

%Coda 2
@incollection{Filzmoser:2020,
title = {2.30 - Compositional Data Analysis in Chemometrics},
editor = {Steven Brown and Romà Tauler and Beata Walczak},
booktitle = {Comprehensive Chemometrics (Second Edition)},
publisher = {Elsevier},
edition = {Second Edition},
address = {Oxford},
pages = {641-662},
year = {2020},
isbn = {978-0-444-64166-3},
doi = {https://doi.org/10.1016/B978-0-12-409547-2.14591-3},

author = {Peter Filzmoser and Karel Hron},
keywords = {Aitchison geometry, Bootstrap, Classification, Compositional data, Linear discriminant analysis, Partial least squares, PLS-DA, Principal component analysis, Regression, Relative information, Validation},
}
%url = {https://www.sciencedirect.com/science/article/pii/B9780124095472145913},

%Coda 3

@book{Aitchison:1986,
    author = {Aitchison, J},
    title = {The Statistical Analysis of Compositional Data},
    year = {1986},
    isbn = {0412280604},
    publisher = {Chapman \& Hall, Ltd.},
    address = {GBR}
}

%Coda 4     
@article{Pawlowsky:2013,
author = {Pawlowsky-Glahn, Vera and Egozcue, Juan Jose and Lovell, David},
year = {2013},
month = {06},
pages = {143-152},
title = {The product space {$\mathcal{T}$} (tools for compositional data with a total)},
journal = {Proceedings of the 5th International Workshop on Compositional Data Analysis}
}




%Coda Zero Handling 1
@article{Lubbe:2021,
title = {Comparison of zero replacement strategies for compositional data with large numbers of zeros},
journal = {Chemometrics and Intelligent Laboratory Systems},
volume = {210},
pages = {104248},
year = {2021},
doi = {https://doi.org/10.1016/j.chemolab.2021.104248},
author = {Sugnet Lubbe and Peter Filzmoser and Matthias Templ},
keywords = {Imputation, Compositional data analysis, ZeroSum regression, Microbiome data},
}
%url = {https://www.sciencedirect.com/science/article/pii/S0169743921000162},
%issn = {0169-7439},

@Article{Josep:2003,
        title={ Dealing with zeros and missing values in compositional data sets using nonparametric imputation },
        author={ Josep Antoni Martín-Fernández and C. Barceló-Vidal and Vera Pawlowsky-Glahn },
        journal={ Mathematical Geosciences },
        year={ 2003 },
        publisher={ Kluwer Academic Publishers-Plenum Publishers },
        volume={ 35 },
        pages={ 253-278 },
        number={ 3 },
        doi={ 10.1023/A:1023866030544 },  
      }
			
%zCompositional Methoden für Zero Handling in CoDA 3	
@article{Palarea-Albaladejo:2015,
title = {zCompositions — R package for multivariate imputation of left-censored data under a compositional approach},
journal = {Chemometrics and Intelligent Laboratory Systems},
volume = {143},
pages = {85-96},
year = {2015},

doi = {https://doi.org/10.1016/j.chemolab.2015.02.019},

author = {Javier Palarea-Albaladejo and Josep Antoni Martín-Fernández},
keywords = {Censored data, Nondetects, Zeros, Compositional data, Imputation, Log-ratio analysis},
}
%issn = {0169-7439},
%url = {https://www.sciencedirect.com/science/article/pii/S0169743915000490},

			
%CLR coefficients are isometric
@article{Egozcue:2003,
author = {Egozcue, Juan Jose and Pawlowsky-Glahn, Vera and Figueras, Glòria and Vidal, Carles},
year = {2003},
month = {04},
pages = {279-300},
title = {Isometric logratio transformations for compositional data analysis},
volume = {35},
journal = {Mathematical Geology},
doi = {10.1023/A:1023818214614}
}

%Properties of the VAR Estimator
@book{Luetkepohl:2007,
  title={New Introduction to Multiple Time Series Analysis},
  author={L{\"u}tkepohl, H.},
  isbn={9783540262398},
  lccn={93028356},

  year={2007},
  publisher={Springer Berlin Heidelberg}
}
%  url={https://books.google.at/books?id=muorJ6FHIiEC},

% Count Data Disseration
@phdthesis{Liboschik:2016,
  title={Modeling count time series following generalized linear models},
  author={Tobias Liboschik},
  year={2016},
	month= jul,
	address="Dortmund,Germany",
	school="TU Dortmund University",
	type ="Dissertation"
}

% Ingarch Model Introduction
@TechReport{Heinen:2003,
  author={Heinen, Andreas},
  title={{Modelling Time Series Count Data: An Autoregressive Conditional Poisson Model}},
  year=2003,
  month=Jul,
  institution={University Library of Munich, Germany},
  type={MPRA Paper},

  number={8113},
  keywords={Forecast; volatility; transactions data},
  doi={http://dx.doi.org/10.2139/ssrn.1117187},
}
%  url={https://ideas.repec.org/p/pra/mprapa/8113.html},

%Hidden Markov Chains

%inproceedings{Zucchini:1997,
%  title={Hidden Markov and Other Models for Discrete- valued Time Series},
%  author={Iain L. MacDonald and Walter Zucchini},
%  year={1997}
%}

@book{Zucchini:1997,
  title={Hidden Markov and Other Models for Discrete- valued Time Series},
  author={MacDonald, I.L. and Zucchini, W.},
  isbn={9780412558504},
  lccn={97142339},
  series={Chapman \& Hall/CRC Monographs on Statistics \& Applied Probability},

  year={1997},
  publisher={Taylor \& Francis}
}
%  url={https://books.google.at/books?id=ji0LKM5\_kWQC},


%DARMA Models

@article{Chang:1987,
title = {Application of discrete autoregressive moving average models for estimation of daily runoff},
journal = {Journal of Hydrology},
volume = {91},
number = {1},
pages = {119-135},
year = {1987},

doi = {https://doi.org/10.1016/0022-1694(87)90132-6},

author = {Tiao J. Chang and J.W. Delleur and M.L. Kavvas},
}
%url = {https://www.sciencedirect.com/science/article/pii/0022169487901326},
%issn = {0022-1694},

%State space models

@article{Harvey:1989,

 author = {A. C. Harvey and C. Fernandes},
 journal = {Journal of Business \& Economic Statistics},
 number = {4},
 pages = {407--417},
 publisher = {[American Statistical Association, Taylor \& Francis, Ltd.]},
 title = {Time series models for count or qualitative observations},

 volume = {7},
 year = {1989}
}
% ISSN = {07350015},
%URL = {http://www.jstor.org/stable/1391639},
% urldate = {2023-04-04},

%State Space models updated

@article{Qaqish:1988,

 author = {Scott L. Zeger},
 journal = {Biometrika},
 number = {4},
 pages = {621--629},
 publisher = {[Oxford University Press, Biometrika Trust]},
 title = {A regression model for time series of counts},

 volume = {75},
 year = {1988}
}
% ISSN = {00063444},
% URL = {http://www.jstor.org/stable/2336303},
%  urldate = {2023-04-04},



%Parameter Space for the Ingarch Model 1
@article{Ferland:2006,
author = {Ferland, René and Latour, Alain and Oraichi, Driss},
title = {Integer-valued GARCH process},
journal = {Journal of Time Series Analysis},
volume = {27},
number = {6},
pages = {923-942},
keywords = {Integer-valued time series, GARCH model, heteroskedastic},
doi = {https://doi.org/10.1111/j.1467-9892.2006.00496.x},

year = {2006}
}
%url = {https://onlinelibrary.wiley.com/doi/abs/10.1111/j.1467-9892.2006.00496.x},
%eprint = {https://onlinelibrary.wiley.com/doi/pdf/10.1111/j.1467-9892.2006.00496.x},

%Parameter Space for the Ingarch Model 2
@article{Fokianos:2009,
author = {Konstantinos Fokianos and Anders Rahbek and Dag Tjøstheim},
title = {Poisson autoregression},
journal = {Journal of the American Statistical Association},
volume = {104},
number = {488},
pages = {1430-1439},
year  = {2009},
publisher = {Taylor \& Francis},
doi = {10.1198/jasa.2009.tm08270},

}
%URL = {https://doi.org/10.1198/jasa.2009.tm08270},
%eprint = {https://doi.org/10.1198/jasa.2009.tm08270 }

%Parameter Space for the Ingarch Model 3
@article{Doukhan:2012,
title = {On weak dependence conditions for poisson autoregressions},
journal = {Statistics \& Probability Letters},
volume = {82},
number = {5},
pages = {942-948},
year = {2012},

doi = {https://doi.org/10.1016/j.spl.2012.01.015},

author = {Paul Doukhan and Konstantinos Fokianos and Dag Tjøstheim},
keywords = {Autocorrelation, Generalized linear models, Limit theorems, Prediction, Stationarity},
}
%url = {https://www.sciencedirect.com/science/article/pii/S0167715212000259},
%issn = {0167-7152},

%DARMA Modelle
@article{Biswas:2009,
title = {Discrete-valued ARMA processes},
journal = {Statistics \& Probability Letters},
volume = {79},
number = {17},
pages = {1884-1889},
year = {2009},

doi = {https://doi.org/10.1016/j.spl.2009.05.025},

author = {Atanu Biswas and Peter X.-K. Song},
}
%issn = {0167-7152},
%url = {https://www.sciencedirect.com/science/article/pii/S0167715209001977},

%Zero-Inflated Ingarch Models
@article{Zhu:2012,
title = {Zero-inflated poisson and negative binomial integer-valued GARCH models},
journal = {Journal of Statistical Planning and Inference},
volume = {142},
number = {4},
pages = {826-839},
year = {2012},

doi = {https://doi.org/10.1016/j.jspi.2011.10.002},

author = {Fukang Zhu},
keywords = {EM algorithm, Integer-valued GARCH model, Negative binomial, Poisson, Time series of counts, Zero inflation},
}
%url = {https://www.sciencedirect.com/science/article/pii/S037837581100379X},
%issn = {0378-3758},

% Log-lin Models 1
@article{Fokianos:2011,
title = {Log-linear poisson autoregression},
journal = {Journal of Multivariate Analysis},
volume = {102},
number = {3},
pages = {563-578},
year = {2011},

doi = {https://doi.org/10.1016/j.jmva.2010.11.002},

author = {Konstantinos Fokianos and Dag Tjøstheim},
keywords = {Autocorrelation, Covariates, Ergodicity, Generalized linear models, Perturbation, Prediction, Stationarity, Volatility},
}
%issn = {0047-259X},
%url = {https://www.sciencedirect.com/science/article/pii/S0047259X10002320},

%Log Lin Model 2
@article{Woodard:2011,
author = {Dawn B. Woodard and David S. Matteson and Shane G. Henderson},
title = {{Stationarity of generalized autoregressive moving average models}},
volume = {5},
journal = {Electronic Journal of Statistics},
number = {none},
publisher = {Institute of Mathematical Statistics and Bernoulli Society},
pages = {800 -- 828},
keywords = {drift conditions, Ergodic, Feller, irreducibility, stationary, time series},
year = {2011},
doi = {10.1214/11-EJS627},

}
%URL = {https://doi.org/10.1214/11-EJS627}

% Log Lin Model 3
@article{Douc:2013,
title = {Ergodicity of observation-driven time series models and consistency of the maximum likelihood estimator},
journal = {Stochastic Processes and their Applications},
volume = {123},
number = {7},
pages = {2620-2647},
year = {2013},
note = {A Special Issue on the Occasion of the 2013 International Year of Statistics},

doi = {https://doi.org/10.1016/j.spa.2013.04.010},

author = {R. Douc and P. Doukhan and E. Moulines},
keywords = {Consistency, Ergodicity, Time series of counts, Maximum likelihood, Observation-driven models, Stationarity},
}
%issn = {0304-4149},
%url = {https://www.sciencedirect.com/science/article/pii/S0304414913001051},

% VGAM
@article{Yee:1996,

 author = {T. W. Yee and C. J. Wild},
 journal = {Journal of the Royal Statistical Society. Series B (Methodological)},
 number = {3},
 pages = {481--493},
 publisher = {[Royal Statistical Society, Wiley]},
 title = {Vector generalized additive models},

 volume = {58},
 year = {1996}
}
% ISSN = {00359246},
% URL = {http://www.jstor.org/stable/2345888},
% urldate = {2023-04-30},

% VGAM 2
@book{Yee:2015,
author = {Yee, Thomas},
year = {2015},
month = {01},
pages = {1-589},
title = {Vector Generalized Linear and Additive Models: With an Implementation in R},
isbn = {978-1-4939-2817-0},
doi = {10.1007/978-1-4939-2818-7}
}


% VGAM 3

@article{Wood:2004,

 author = {Simon N. Wood},
 journal = {Journal of the American Statistical Association},
 number = {467},
 pages = {673--686},
 publisher = {[American Statistical Association, Taylor \& Francis, Ltd.]},
 title = {Stable and efficient multiple smoothing parameter estimation for generalized additive models},

 volume = {99},
 year = {2004}
}
% ISSN = {01621459},
% URL = {http://www.jstor.org/stable/27590439},
% urldate = {2023-04-30},


%R

  @Manual{R:2022,
    title = {R: A Language and Environment for Statistical Computing},
    author = {{R Core Team}},
    organization = {R Foundation for Statistical Computing},
    address = {Vienna, Austria},
    year = {2022},
    
  }
	%url = {https://www.R-project.org/},

%Tidyverse
@Article{Tidyverse:2019,
    title = {Welcome to the {tidyverse}},
    author = {Hadley Wickham and Mara Averick and Jennifer Bryan and Winston Chang and Lucy D'Agostino McGowan and Romain François and Garrett Grolemund and Alex Hayes and Lionel Henry and Jim Hester and Max Kuhn and Thomas Lin Pedersen and Evan Miller and Stephan Milton Bache and Kirill Müller and Jeroen Ooms and David Robinson and Dana Paige Seidel and Vitalie Spinu and Kohske Takahashi and Davis Vaughan and Claus Wilke and Kara Woo and Hiroaki Yutani},
    year = {2019},
    journal = {Journal of Open Source Software},
    volume = {4},
    number = {43},
    pages = {1686},
    doi = {10.21105/joss.01686},
  }
	
%here
  @Manual{here:2020,
    title = {here: A Simpler Way to Find Your Files},
    author = {Kirill Müller},
    year = {2020},
    note = {R package version 1.0.1},

  }
	%    url = {https://CRAN.R-project.org/package=here},

%CodA R1
@Article{VAR:2008,
  title = {VAR, SVAR and SVEC models: implementation within {R} package {vars}},
  author = {Bernhard Pfaff},
  journal = {Journal of Statistical Software},
  year = {2008},
  volume = {27},
  number = {4},
	doi={10.18637/jss.v027.i04},
	pages = {1-32}

}
%  url = {https://www.jstatsoft.org/v27/i04/},

%CoDA R2
@Book{CoDAR2:2008,
  title = {Analysis of Integrated and Cointegrated Time Series with R},
  author = {B. Pfaff},
  publisher = {Springer},
  edition = {Second},
  address = {New York},
  year = {2008},
  note = {ISBN 0-387-27960-1},

}
%  url = {https://www.pfaffikus.de},

%CoDA R3
@Book{RobComp:2011,
  title = {rob{C}ompositions: an R-package for robust statistical analysis of compositional data},
  author = {Matthias Templ and Karel Hron and Peter Filzmoser},
  publisher = {{J}ohn {W}iley and {S}ons},
  isbn = {978-0-470-71135-4},
  booktitle = {{C}ompositional {D}ata {A}nalysis: {T}heory and {A}pplications},
  year = {2011},
  pages = {341--355},
}

%CoDA R4
@Book{CoDAR4:2018,
  title = {Applied Compositional Data Analysis. With Worked Examples in {R}},
  author = {Peter Filzmoser and Karel Hron and Matthias Templ},
  publisher = {Springer International Publishing. Springer Nature Switzerland AG, Cham, Switzerland},
  note = {Springer Series in Statistics},
  isbn = {978-3-319-96420-1},
  year = {2018},
}

%Ingarch R1
@Article{Tscount:2017,
  title = {{tscount}: An {R} package for analysis of count time series following generalized linear models},
  author = {Tobias Liboschik and Konstantinos Fokianos and Roland Fried},
  journal = {Journal of Statistical Software},
  year = {2017},
  volume = {82},
  number = {5},
  pages = {1--51},
  doi = {10.18637/jss.v082.i05},
}

%Ingarch R2
@Article{Tscount:2016,
  author = {Tobias Liboschik and Pascal Kerschke and Konstantinos Fokianos and Roland Fried},
  title = {Modelling interventions in INGARCH processes},
  journal = {International Journal of Computer Mathematics},

  year = {2016},
  volume = {93},
  number = {4},
  pages = {640--657},
  doi = {10.1080/00207160.2014.949250},

}
%  issn = {1548-7660},
%  note = {preprint available at http://doi.org/10.17877/DE290R-4981},

%Ingarch R3
@Manual{Tscount:2020,
  title = {tscount: Analysis of Count Time Series},
  author = {Tobias Liboschik and Roland Fried and Konstantinos Fokianos and Philipp Probst},
  year = {2020},
  note = {R package version 1.4.3}

}
%  url = {https://CRAN.R-project.org/package=tscount},


%ZIM R1
@Article{Pscl:2008,
  title = {Regression models for count data in {R}},
  author = {Achim Zeileis and Christian Kleiber and Simon Jackman},
  journal = {Journal of Statistical Software},
  year = {2008},
  volume = {27},
  number = {8},
	doi={10.18637/jss.v027.i08},
	pages={1–25}

}
%  url = {http://www.jstatsoft.org/v27/i08/},


%VGAM R1

@Article{RVGAM:2010,
  title = {The {VGAM} package for categorical data analysis},
  author = {Thomas W. Yee},
  journal = {Journal of Statistical Software},
  year = {2010},
  volume = {32},
  number = {10},
  pages = {1--34},
  doi = {10.18637/jss.v032.i10},
}

%Miceadds
@Manual{Miceadds:2023,
    title = {miceadds: Some Additional Multiple Imputation Functions, Especially for
'mice'},
    author = {Alexander Robitzsch and Simon Grund},
    year = {2023},
    note = {R package version 3.16-18},

  }
	%    url = {https://CRAN.R-project.org/package=miceadds},
	
	
%Inar(p) Modelle
@article{Silva:2005,
author = {Silva, Isabel and Silva, Maria and Pereira, Isabel and Silva, Nélia},
year = {2005},
month = {12},
pages = {517-542},
title = {Replicated INAR(1) processes},
volume = {7},
journal = {Methodology And Computing In Applied Probability},
doi = {10.1007/s11009-005-5006-x}
}

%Forecasting in INAR(1) Modellen
@article{Silva:2009,
author = {Silva, Nélia and Pereira, Isabel and Silva, Maria},
year = {2009},
month = {05},
pages = {119-134},
title = {Forecasting in INAR (1) model},
volume = {7},
journal = {REVSTAT – Statistical Journal Volume},
doi = {10.57805/revstat.v7i1.77}
}

%Inar 3
@inproceedings{Silva:2015,
  title={Modelling time series of counts: An inar approach},
  author={Maria Eduarda Silva},
  year={2015}
}

%Inar Forecasting 1
@article{Bre:1993,
author = {Brännäs, Kurt},
year = {1993},
month = {01},
pages = {},
title = {Estimation and testing in integer-valued AR(1) models},
journal = {Umeå Economic Studies}
}

%Inar Forecasting 2
@article{Freeland:2004,
author = {Freeland, R. and McCabe, Brendan},
year = {2004},
month = {02},
pages = {427-434},
title = {Forecasting discrete valued low count time series},
volume = {20},
journal = {International Journal of Forecasting},
doi = {10.1016/S0169-2070(03)00014-1}
}

%BINGARCH 1
@book{Liu:2012,
  title={Some models for time series of counts},
  author={Liu, Heng},
  year={2012},
  publisher={Columbia University},
	doi = {10.7916/D8Z325SW}
}

%BINGARCH 2
@Article{Cui:2018,
  author={Yan Cui and Fukang Zhu},
  title={{A new bivariate integer-valued GARCH model allowing for negative cross-correlation}},
  journal={TEST: An Official Journal of the Spanish Society of Statistics and Operations Research},
  year=2018,
  volume={27},
  number={2},
  pages={428-452},
  month= jun,
  keywords={Bivariate; GARCH model; MLE; Negative cross-correlation; Poisson; Time series of counts},
  doi={10.1007/s11749-017-0552-4},

}
%  url={https://ideas.repec.org/a/spr/testjl/v27y2018i2d10.1007_s11749-017-0552-4.html}

%MINGARCH 1
@article{Fokianos:2020,
author = {Konstantinos Fokianos and B{\aa}rd St{\o}ve and Dag Tj{\o}stheim and Paul Doukhan},
title = {{Multivariate count autoregression}},
volume = {26},
journal = {Bernoulli},
number = {1},
publisher = {Bernoulli Society for Mathematical Statistics and Probability},
pages = {471 -- 499},
keywords = {Autocorrelation, copula, ergodicity, generalized linear models, perturbation, prediction, stationarity, Volatility},
year = {2020},
doi = {10.3150/19-BEJ1132},

}
%URL = {https://doi.org/10.3150/19-BEJ1132}

%MINGARCH 2
@article{Fokianos:2021,
title = {Multivariate count time series modelling},
journal = {Econometrics and Statistics},
year = {2021},

doi = {https://doi.org/10.1016/j.ecosta.2021.11.006},

author = {Konstantinos Fokianos},
keywords = {auto-correlation, covariates, copula, estimation, multivariate count distribution, prediction}
}
%url = {https://www.sciencedirect.com/science/article/pii/S2452306221001374},
%issn = {2452-3062},


%MINGARCH 3
@article{Lee:2023,
title = {Modeling and inference for multivariate time series of counts based on the INGARCH scheme},
journal = {Computational Statistics \& Data Analysis},
volume = {177},
pages = {107579},
year = {2023},

doi = {https://doi.org/10.1016/j.csda.2022.107579},

author = {Sangyeol Lee and Dongwon Kim and Byungsoo Kim},
keywords = {Multivariate time series of counts, MINGARCH model, QMLE, MDPDE, Change point test}
}
%issn = {0167-9473},
%url = {https://www.sciencedirect.com/science/article/pii/S0167947322001591},

%ZIM 2
@article{Yang:2013,
author = {Yang, Ming and Zamba, Gideon and Cavanaugh, Joseph},
year = {2013},
month = {09},
pages = {26-38},
title = {Markov regression models for count time series with excess zeros: a partial likelihood approach},
volume = {14},
journal = {Statistical Methodology},
doi = {10.1016/j.stamet.2013.02.001}
}

%EM Algorithm
@article{Dempster:1977,
author = {Dempster, A. P. and Laird, N. M. and Rubin, D. B.},
title = {Maximum likelihood from incomplete data via the EM algorithm},
journal = {Journal of the Royal Statistical Society: Series B (Methodological)},
volume = {39},
number = {1},
pages = {1-22},
keywords = {maximum likelihood, incomplete data, em algorithm, posterior mode},
doi = {https://doi.org/10.1111/j.2517-6161.1977.tb01600.x},

year = {1977}
}
%url = {https://rss.onlinelibrary.wiley.com/doi/abs/10.1111/j.2517-6161.1977.tb01600.x},
%eprint = {https://rss.onlinelibrary.wiley.com/doi/pdf/10.1111/j.2517-6161.1977.tb01600.x},


%Coda Essential Zeros 1
@inproceedings{Aitchison:2003,
  author       = {Aitchison, John and Kay, Jim W.},
  title        = {Possible solution of some essential zero problems in compositional data analysis},
  booktitle    = "Proceedings of CODAWORK’03, The First Compositional Data Analysis Workshop, October 15-17, University of Girona (Spain)",
	booktitleaddon = "",
  year         = {2003},
  editor       = {Thió-Henestrosa, Santiago and Martín Fernández, Josep Antoni},
  volume       = "",
  number       = "",
  series       = "",
  pages        = "",
  month        = "",
  venue        = "",
  organization = "",
  publisher    = {},
  note         = "",
  annote       = ""
}

%Coda Essential Zeros 2

@article{Leininger:2013,

 author = {Thomas J. Leininger and Alan E. Gelfand and Jenica M. Allen and John A. Silander},
 journal = {Journal of Agricultural, Biological, and Environmental Statistics},
 number = {3},
 pages = {314--334},
 publisher = {[International Biometric Society, Springer]},
 title = {Spatial regression modeling for compositional data with many zeros},

 volume = {18},
 year = {2013}
}
% ISSN = {10857117},
% URL = {http://www.jstor.org/stable/26452944},
% urldate = {2023-05-19},

%R package composition

  @Manual{Compositions:2023,
    title = {compositions: Compositional Data Analysis},
    author = {K. Gerald {van den Boogaart} and Raimon Tolosana-Delgado and Matevz Bren},
    year = {2023},
    note = {R package version 2.0-6},
    
  }
	%url = {https://CRAN.R-project.org/package=compositions},
	
%Coda Essential Zeros 3
@inproceedings{Boogaart:2006,
  author       = {K. Gerald van den Boogaart and Raimon Tolosana-Delgado and Matevz Bren},
  title        = {Concepts for handling of zeros and missing values in compositional data},
  booktitle    = "Proceedings of the IAMG'2006 Annual Conference on ``Quantitative Geology from multiple sources'', September 2006, Liege, Belgium, S07-01, 4pages",
	booktitleaddon = "",
  year         = {2006},
  editor       = {},
  volume       = "",
  number       = "",
  series       = "",
  pages        = "",
  month        = "",
  venue        = "",
  organization = "",
  publisher    = {},
  note         = "",
  annote       = ""
}

%Coda 5

@article{Egozcue:2005,
author = {Egozcue, Juan Jose and Pawlowsky-Glahn, Vera},
year = {2005},
month = {10},
pages = {795-828},
title = {Groups of parts and their balances in compositional data analysis},
volume = {37},
journal = {Mathematical Geology},
doi = {10.1007/s11004-005-7381-9}
}

%ARCH models
@article{Engle:1982,

 author = {Robert F. Engle},
 journal = {Econometrica},
 number = {4},
 pages = {987--1007},
 publisher = {[Wiley, Econometric Society]},
 title = {Autoregressive conditional heteroscedasticity with estimates of the variance of united kingdom inflation},

 volume = {50},
 year = {1982}
}
% ISSN = {00129682, 14680262},
% URL = {http://www.jstor.org/stable/1912773},
% urldate = {2023-07-17},

%GARCH Models
@article{Bollerslev:1986,
title = {Generalized autoregressive conditional heteroskedasticity},
journal = {Journal of Econometrics},
volume = {31},
number = {3},
pages = {307-327},
year = {1986},

doi = {https://doi.org/10.1016/0304-4076(86)90063-1},
author = {Tim Bollerslev}
}
%issn = {0304-4076},
%url = {https://www.sciencedirect.com/science/article/pii/0304407686900631},


%Volatility 1 

@article{Hong:2017,
title = {A general approach to testing volatility models in time series},
journal = {Journal of Management Science and Engineering},
volume = {2},
number = {1},
pages = {1-33},
year = {2017},

doi = {https://doi.org/10.3724/SP.J.1383.201001},

author = {Yongmiao Hong and Yoon-Jin Lee},
keywords = {GARCH models, Nonlinear volatility dynamics, Specification testing}
}
%issn = {2096-2320},
%url = {https://www.sciencedirect.com/science/article/pii/S2096232019300162},


%INAR(1) 1

@article{Alosh:1987,
  title={First-order integer-valued autoregressive (INAR(1)) process },
  author={Mohamed Alosh and Abdulhamid A. Alzaid},
  journal={Journal of Time Series Analysis},
  year={1987},
  volume={8},
  pages={261-275}
}
%FIRST‐ORDER INTEGER‐VALUED AUTOREGRESSIVE (INAR(1)) PROCESS


%INAR(1) 2
@article{McKenzie:1986,

 author = {Ed McKenzie},
 journal = {Advances in Applied Probability},
 number = {3},
 pages = {679--705},
 publisher = {Applied Probability Trust},
 title = {Autoregressive moving-average processes with negative-binomial and geometric marginal distributions},

 volume = {18},
 year = {1986}
}
% ISSN = {00018678},
% URL = {http://www.jstor.org/stable/1427183},
% urldate = {2023-05-22},


%INAR(1) 3

@article{Alzaid:1988,
author = {Alzaid, A. and Al-Osh, M.},
title = {First-order integer-valued autoregressive (INAR (1)) process: distributional and regression properties},
journal = {Statistica Neerlandica},
volume = {42},
number = {1},
pages = {53-61},
keywords = {innovation process, Poisson distribution, GINAR(1) process},
doi = {https://doi.org/10.1111/j.1467-9574.1988.tb01521.x},

year = {1988}
}
%url = {https://onlinelibrary.wiley.com/doi/abs/10.1111/j.1467-9574.1988.tb01521.x},
%eprint = {https://onlinelibrary.wiley.com/doi/pdf/10.1111/j.1467-9574.1988.tb01521.x},

%INAR(p) ??
@article{Alzaid:1990,

 author = {A. A. Alzaid and M. Al-Osh},
 journal = {Journal of Applied Probability},
 number = {2},
 pages = {314--324},
 publisher = {Applied Probability Trust},
 title = {An integer-valued pth-order autoregressive structure (INAR(p)) process},

 volume = {27},
 year = {1990}
}
% ISSN = {00219002},
% URL = {http://www.jstor.org/stable/3214650},
% urldate = {2023-07-17},

%AR Process 
@book{Scherrer:2021,
	author = {Deistler, Manfred and Scherrer, W.},
	month = {1},
	publisher = {Springer International Publishing},
	title = {{Modelle der Zeitreihenanalyse}},
	year = {2018},
	doi = {10.1007/978-3-319-68664-6},

}
%	url = {https://doi.org/10.1007/978-3-319-68664-6},

%Time Series Analysis for AR
@book{Hamilton:1994, 
title={Time Series Analysis}, 
ISBN={978-0-691-04289-3}, 
DOI={10.1604/9780691042893}, 
author={Hamilton, James D.}, 
year={1994}, 
month= apr
}

@incollection{Lütkepohl:2007, 
booktitle={Palgrave Handbook of Econometrics: Econometric Theory, Volume 1 Econometric Theory}, 
year={2007}, 
publisher = {Palgrave MacMillan},
pages = {477-510},
title ={Vector Autoregressive Models},
author = {Helmut Lütkepohl}
}

%Garch Skript
@book{Kreiss:2006,
  title={Einf{\"u}hrung in die Zeitreihenanalyse},
  author={Krei{\ss}, J.P. and Neuhaus, G.},
  isbn={9783540335719},
  series={Statistik und ihre Anwendungen},

  year={2006},
  publisher={Springer Berlin Heidelberg}
}
%  url={https://books.google.at/books?id=NGUkBAAAQBAJ},



%INAR(P) definition 1

@article{Guan:1991,
author = {Jin-Guan, Du and Yuan, Li},
title = {The integer-valued autoregressive (INAR(p)) model},
journal = {Journal of Time Series Analysis},
volume = {12},
number = {2},
pages = {129-142},
keywords = {Discrete time series, INAR model, conditional least-squares estimation},
doi = {https://doi.org/10.1111/j.1467-9892.1991.tb00073.x},

year = {1991}
}
%title = {THE INTEGER-VALUED AUTOREGRESSIVE (INAR(p)) MODEL},
%url = {https://onlinelibrary.wiley.com/doi/abs/10.1111/j.1467-9892.1991.tb00073.x},
%eprint = {https://onlinelibrary.wiley.com/doi/pdf/10.1111/j.1467-9892.1991.tb00073.x},

%INAR(p) ???
@article{Oliveira:2005,
author = {Silva, Maria and Oliveira, Vera},
year = {2005},
month = {01},
pages = {17-36},
title = {Difference equations for the higher order moments and cumulants of the INAR(p) model},
volume = {26},
journal = {Journal of Time Series Analysis},
doi = {10.1111/j.1467-9892.2005.00388.x}
}


%GARCH Maximum Likelihood Algorithm
@article{Berndt:1974,
author = {Berndt, Ernst and Hall, Bronwyn and Hall, Robert and Hausman, Jerry},
year = {1974},
month = {01},
pages = {653-665},
title = {Estimation and inference in non-linear structural models},
volume = {4},
journal = {Annals of Economic and Social Measurement}
}

%Garch forecasting
%article{Zivot:2009,
%author = {Zivot, Eric},
%year = {2008},
%month = {05},
%pages = {113-155},
%title = {Practical issues in the analysis of univariate GARCH models},
%journal = {Handbook of Financial Time Series},
%doi = {10.1007/978-3-540-71297-8_5}
%}

@Inbook{Zivot:2009,
author="Zivot, Eric",
editor="Mikosch, Thomas
and Krei{\ss}, Jens-Peter
and Davis, Richard A.
and Andersen, Torben Gustav",
title="Practical Issues in the Analysis of Univariate GARCH Models",
bookTitle="Handbook of Financial Time Series",
year="2009",
publisher="Springer Berlin Heidelberg",
address="Berlin, Heidelberg",
pages="113--155",
isbn="978-3-540-71297-8",
doi="10.1007/978-3-540-71297-8_5",

}
%




%ZIM 3 original

@article{Lambert:1992,

 author = {Diane Lambert},
 journal = {Technometrics},
 number = {1},
 pages = {1--14},
 publisher = {[Taylor & Francis, Ltd., American Statistical Association, American Society for Quality]},
 title = {Zero-inflated poisson regression, with an application to defects in manufacturing},

 volume = {34},
 year = {1992}
}
% ISSN = {00401706},
% URL = {http://www.jstor.org/stable/1269547},
% urldate = {2023-05-25},

%Coda ZeroHandling Zcomp

@article{Fernandez:2015,
author = {Josep-Antoni Martín-Fernández and Karel Hron and Matthias Templ and Peter Filzmoser and Javier Palarea-Albaladejo},
title ={Bayesian-multiplicative treatment of count zeros in compositional data sets},
journal = {Statistical Modelling},
volume = {15},
number = {2},
pages = {134-158},
year = {2015},
doi = {10.1177/1471082X14535524},


}
%eprint = {https://doi.org/10.1177/1471082X14535524}
%URL = {https://doi.org/10.1177/1471082X14535524},

%GitHUB Link
@software{GitHub,
author = {Schwaiger, Alexander},
title = {{Master Thesis Software}},
url = {https://github.com/AlexSch2/Master-Thesis},
date = {2023-07-21}
}

%ZIM Dissertation
@phdthesis{Yang:2012,
title = {Statistical models for count time series with excess zeros},
author = {Yang, Ming},
language = {eng},
pages = {viii, 74 pages},
publisher = {University of Iowa},
school = {University of Iowa},
year = {2012},
}

%Ingarch Dispersion / Variance estimation
@article{Fokianos:2014,
author = {Christou, Vasiliki and Fokianos, Konstantinos},
title = {Quasi-likelihood inference for negative binomial time series models},
journal = {Journal of Time Series Analysis},
volume = {35},
number = {1},
pages = {55-78},
keywords = {Autocorrelation, diagnostics, ergodicity, generalized linear models, link function, mixed Poisson processes, observation-driven model, prediction, weak dependence},
doi = {https://doi.org/10.1111/jtsa.12050},

year = {2014}
}
%title = {QUASI-LIKELIHOOD INFERENCE FOR NEGATIVE BINOMIAL TIME SERIES MODELS},
%url = {https://onlinelibrary.wiley.com/doi/abs/10.1111/jtsa.12050},
%eprint = {https://onlinelibrary.wiley.com/doi/pdf/10.1111/jtsa.12050},

%Arch 2
@article{Bera:1993,
author = {Bera, Anil K. and Higgins, Matthew L.},
title = {ARCH models: properties, estimation and testing},
journal = {Journal of Economic Surveys},
volume = {7},
number = {4},
pages = {305-366},
keywords = {ARCH, GARCH, nonlinearity, nonnormality, persistence, random coefficient model, volatility},
doi = {https://doi.org/10.1111/j.1467-6419.1993.tb00170.x},

year = {1993}
}
%title = {ARCH MODELS: PROPERTIES, ESTIMATION AND TESTING}
%url = {https://onlinelibrary.wiley.com/doi/abs/10.1111/j.1467-6419.1993.tb00170.x},
%eprint = {https://onlinelibrary.wiley.com/doi/pdf/10.1111/j.1467-6419.1993.tb00170.x},

