@Inbook{Zivot2009,
author="Zivot, Eric",
editor="Mikosch, Thomas
and Krei{\ss}, Jens-Peter
and Davis, Richard A.
and Andersen, Torben Gustav",
title="Practical Issues in the Analysis of Univariate GARCH Models",
bookTitle="Handbook of Financial Time Series",
year="2009",
publisher="Springer Berlin Heidelberg",
address="Berlin, Heidelberg",
pages="113--155",
abstract="This chapter gives a tour through the empirical analysis of univariate GARCH models for financial time series with stops along the way to discuss various practical issues associated with model specification, estimation, diagnostic evaluation and forecasting.",
isbn="978-3-540-71297-8",
doi="10.1007/978-3-540-71297-8_5",
url="https://doi.org/10.1007/978-3-540-71297-8_5"
}

