@inproceedings{Silva2015ModellingTS,
  title={Modelling time series of counts: An inar approach},
  author={Maria Eduarda Silva},
  year={2015}
}