@article{10.1214/11-EJS627,
author = {Dawn B. Woodard and David S. Matteson and Shane G. Henderson},
title = {{Stationarity of generalized autoregressive moving average models}},
volume = {5},
journal = {Electronic Journal of Statistics},
number = {none},
publisher = {Institute of Mathematical Statistics and Bernoulli Society},
pages = {800 -- 828},
keywords = {drift conditions, Ergodic, Feller, irreducibility, stationary, time series},
year = {2011},
doi = {10.1214/11-EJS627},
URL = {https://doi.org/10.1214/11-EJS627}
}
