@inproceedings{Boogaart2006ConceptsFH,
  title={Concepts for handling of zeros and missing values in compositional data},
  author={K. Gerald van den Boogaart and Raimon Tolosana-Delgado and Matevz Bren},
  year={2006}
}