@article{10.3150/19-BEJ1132,
author = {Konstantinos Fokianos and B{\aa}rd St{\o}ve and Dag Tj{\o}stheim and Paul Doukhan},
title = {{Multivariate count autoregression}},
volume = {26},
journal = {Bernoulli},
number = {1},
publisher = {Bernoulli Society for Mathematical Statistics and Probability},
pages = {471 -- 499},
keywords = {Autocorrelation, copula, ergodicity, generalized linear models, perturbation, prediction, stationarity, Volatility},
year = {2020},
doi = {10.3150/19-BEJ1132},
URL = {https://doi.org/10.3150/19-BEJ1132}
}
