@article{article,
author = {Egozcue, Juan Jose and Pawlowsky-Glahn, Vera and Figueras, Gl√≤ria and Vidal, Carles},
year = {2003},
month = {04},
pages = {279-300},
title = {Isometric Logratio Transformations for Compositional Data Analysis},
volume = {35},
journal = {Mathematical Geology},
doi = {10.1023/A:1023818214614}
}