@article{https://doi.org/10.1002/bimj.4710300705,
author = {Pincus, R.},
title = {Aitchison, J.: The Statistical Analysis of Compositional Data. Chapman and Hall, London - New York 1986, XII, 416 pp., Â£ 25,00},
journal = {Biometrical Journal},
volume = {30},
number = {7},
pages = {794-794},
doi = {https://doi.org/10.1002/bimj.4710300705},
url = {https://onlinelibrary.wiley.com/doi/abs/10.1002/bimj.4710300705},
eprint = {https://onlinelibrary.wiley.com/doi/pdf/10.1002/bimj.4710300705},
year = {1988}
}

