






@article{doi:10.1198/jasa.2009.tm08270,
author = {Konstantinos Fokianos and Anders Rahbek and Dag Tj√∏stheim},
title = {Poisson Autoregression},
journal = {Journal of the American Statistical Association},
volume = {104},
number = {488},
pages = {1430-1439},
year  = {2009},
publisher = {Taylor & Francis},
doi = {10.1198/jasa.2009.tm08270},

URL = { 
    
        https://doi.org/10.1198/jasa.2009.tm08270
    
    

},
eprint = { 
    
        https://doi.org/10.1198/jasa.2009.tm08270
    
    

}

}


